@article{python,
    author  = "Rossum G. V., Drake F. L.",
    title   = "Python Reference Manual",
    year    = "2006",
    pages   = "9117–9129"
}

@article{LDA,
    author  = "David M. Blei, Andrew Y. Ng, Michael I. Jordan",
    title   = "Latent Dirichlet Allocation",
    year    = "2003",
    journal = "Journal of Machine Learning Research",
    volume  = "3",
    pages   = "993-1022"
}

@online{diccfeminista,
    author    = "Glenda Rosado",
    title     = "Diccionario feminista: 16 conceptos y palabras esenciales que todos debemos conocer",
    note       = "\url{https://www.vix.com/es/poder/178423/diccionario-feminista-16-palabras-esenciales-y-sus-significados}",
    keywords  = "diccionario,feminista"
}

@online{feminismoaz,
    author    = "Carlota E. Ram\'irez",
    title     = "Feminismo de la 'A' a la 'Z': todas las palabras que deberías saber",
    note       = "\url{https://www.huffingtonpost.es/2018/02/06/feminismo-de-la-a-a-la-z-todas-las-palabras-que-deberias-saber_a_23348909/}",
    keywords  = "a-z,feminista"
}

@online{glosariofemin,
    author    = "Beatriz Serrano",
    title     = "Glosario feminista para principiantes",
    note       = "\url{https://www.buzzfeed.com/beatrizserranomolina/vocabulario-glosario-feminista-para-principiantes?utm_term=.yt95O3B95#.xsl9lYwj9}",
    keywords  = "glosario,feminismo"
}

@online{machismo,
    author    = "Fucsia.co",
    title     = "Diccionario sexista: 10 t\'erminos que discriminan",
    note       = "\url{https://www.fucsia.co/belleza-y-salud/bienestar/articulo/lenguaje-sexista-para-describir-mujeres/51880}",
    keywords  = "glosario,machismo"
}

@online{tecnologia,
    author    = "Joaqu\'in Moreno",
    title     = "100 palabras relacionadas con tecnolog\'ia",
    note       = "\url{https://jackmoreno.com/2017/07/21/100-palabras-relacionadas-con-tecnologia/}",
    keywords  = "tecnologia"
}

@online{negocios,
    author    = "Luis Sandoval",
    title     = "Diccionario emprendedor ¡50 t\'erminos que debes conocer!",
    note       = "\url{https://www.emprender-facil.com/es/diccionario-emprendedor/}",
    keywords  = "negocios"
}

@online{moda,
    author    = "Roc\'io Reyes-Ewest",
    title     = "Diccionario de palabras utilizadas en la moda",
    note       = "\url{http://www.modapreviewinternational.com/2013/09/diccionario-de-palabras-utilizadas-en-la-moda-fashion-glosario/}",
    keywords  = "moda, fashion"
}

@article{f_word,
    author  = "Sylvia Jaworska, Ramesh Krishnamurthy",
    title   = "On the F word: A corpus-based analysis of the media representation of feminism in British and German press discourse, 1990–2009",
    year    = "2012",
    journal = "Discourse & Society",
    volume  = "23",
    number  = "4",
    pages   = "401--431"
}

@article{gender_magazines,
    author  = "Sofia Arvidsson",
    title   = "A Gender Based Adjectival Study of Women's and Men's Magazines",
    year    = "2009",
}

@article{women_magazines,
    author  = "Marisol del-Teso-Craviotto",
    title   = "Words that matter: Lexical choice and gender ideologies in women’s magazines",
    year    = "2006",
    journal = "Journal of Pragmatics",
    volume  = "38",
    pages   = "2003--2021"
}

@article{gensim,
    author  = "Řehůřek R., Sojka P.",
    title   = "Gensim - Statistical Semantics in Python",
    year    = "2011",
    journal = "EuroScipy, (Paris)",
    volume  = "8",
    pages   = "25–28"
}

@article{scikit,
    author  = "Bakharia, A.",
    title   = "Topic Modeling with Scikit Learn.",
    year    = "2016"
}

@article{pandas,
    author  = "McKinney W. and Team",
    title   = "Pandas - Powerful Python Data Analysis Toolkit.",
    year    = "2015"
}

@article{numpy,
    author  = "van der Walt S., Colbert S.C., Varoquaux G.",
    title   = "The NumPy Array: A Structure for Efficient Numerical Computation.",
    year    = "2011",
    journal = "Computing in Science and Engineering",
    volume  = "13",
    pages   = "22–30"
}

@article{nltk,
    author  = "Perkins, J.",
    title   = "Python 3 Text Processing With NLTK 3 Cookbook.",
    year    = "2014",
    journal = "Packt Publishing Ltd. "
}

@online{github,
    author    = "Koslowski-Gonzalez-Rolla-Cubells",
    title     = "Material de soporte",
    note       = "\url{https://github.com/DiegoKoz/gender_stereotype_magz}",
    keywords  = "github"
}
